<record><leader>00000cas a22000007a 4500</leader><controlfield tag="001">31988272</controlfield><controlfield tag="008">950214d19uu193uokuwr n       0    0eng d</controlfield><datafield ind1=" " ind2=" " tag="010"><subfield code="a">sn 95076023 </subfield></datafield><datafield ind1=" " ind2=" " tag="040"><subfield code="a">OBN</subfield><subfield code="b">eng</subfield><subfield code="c">OBN</subfield><subfield code="d">OCLCQ</subfield><subfield code="d">OCLCF</subfield><subfield code="d">OCLCO</subfield></datafield><datafield ind1="1" ind2=" " tag="029"><subfield code="a">AU@</subfield><subfield code="b">000011579784</subfield></datafield><datafield ind1=" " ind2=" " tag="042"><subfield code="a">msc</subfield></datafield><datafield ind1=" " ind2=" " tag="043"><subfield code="a">n-us-ok</subfield></datafield><datafield ind1="0" ind2="0" tag="245"><subfield code="a">Cleveland-Co. democrat-news.</subfield></datafield><datafield ind1="3" ind2="0" tag="246"><subfield code="a">Cleveland County democrat-news</subfield></datafield><datafield ind1=" " ind2=" " tag="260"><subfield code="a">Norman, Okla. :</subfield><subfield code="b">Cleveland County Pub. Co.</subfield></datafield><datafield ind1=" " ind2=" " tag="300"><subfield code="a">v.</subfield></datafield><datafield ind1=" " ind2=" " tag="310"><subfield code="a">Weekly,</subfield><subfield code="b">June 18, 1931-</subfield></datafield><datafield ind1=" " ind2=" " tag="321"><subfield code="a">Semiweekly,</subfield><subfield code="b">&lt;1924&gt;-June 11, 1931</subfield></datafield><datafield ind1=" " ind2=" " tag="500"><subfield code="a">"Successor to the Lexington Bee."</subfield></datafield><datafield ind1=" " ind2=" " tag="588"><subfield code="a">Description based on: Vol. 6, no. 9 (Jan. 31, 1929).</subfield></datafield><datafield ind1=" " ind2="0" tag="651"><subfield code="a">Norman (Okla.)</subfield><subfield code="v">Newspapers.</subfield></datafield><datafield ind1=" " ind2="0" tag="651"><subfield code="a">Cleveland County (Okla.)</subfield><subfield code="v">Newspapers.</subfield></datafield><datafield ind1=" " ind2="7" tag="655"><subfield code="a">Newspapers.</subfield><subfield code="2">fast</subfield><subfield code="0">(OCoLC)fst01423814</subfield></datafield><datafield ind1=" " ind2="7" tag="651"><subfield code="a">Oklahoma</subfield><subfield code="z">Cleveland County.</subfield><subfield code="2">fast</subfield><subfield code="0">(OCoLC)fst01223119</subfield></datafield><datafield ind1=" " ind2="7" tag="651"><subfield code="a">Oklahoma</subfield><subfield code="z">Norman.</subfield><subfield code="2">fast</subfield><subfield code="0">(OCoLC)fst01209423</subfield></datafield><datafield ind1=" " ind2=" " tag="752"><subfield code="a">United States</subfield><subfield code="b">Oklahoma</subfield><subfield code="c">Cleveland</subfield><subfield code="d">Norman.</subfield></datafield><datafield ind1="0" ind2="0" tag="780"><subfield code="t">Lexington bee</subfield></datafield><datafield ind1="0" ind2="4" tag="785"><subfield code="t">Norman transcript (Norman, Okla.)</subfield><subfield code="w">(DLC)   86064115</subfield><subfield code="w">(OCoLC)13763878</subfield></datafield></record>